{
  "leader": "04111cam a2200517 a 4500",
  "fields": [
    {
      "001": "ocm21119125\\"
    },
    {
      "003": "OCoLC"
    },
    {
      "005": "20220106161229.0"
    },
    {
      "008": "900201s1990\\\\\\\\ncuc\\\\\\\\\\b\\\\\\\\001\\0\\eng\\\\"
    },
    {
      "010": {
        "ind1": "\\",
        "ind2": "\\",
        "subfields": [
          {
            "a": "   90012015 "
          }
        ]
      }
    },
    {
      "040": {
        "ind1": "\\",
        "ind2": "\\",
        "subfields": [
          {
            "a": "DLC"
          },
          {
            "b": "eng"
          },
          {
            "c": "DLC"
          },
          {
            "d": "NLGGC"
          },
          {
            "d": "BTCTA"
          },
          {
            "d": "YDXCP"
          },
          {
            "d": "EXW"
          },
          {
            "d": "ZWZ"
          },
          {
            "d": "OCLCQ"
          },
          {
            "d": "S3O"
          },
          {
            "d": "GBVCP"
          },
          {
            "d": "OCLCO"
          },
          {
            "d": "OCLCQ"
          },
          {
            "d": "MUO"
          },
          {
            "d": "OCLCQ"
          },
          {
            "d": "IDU"
          },
          {
            "d": "DEBSZ"
          },
          {
            "d": "J9U"
          },
          {
            "d": "DHA"
          },
          {
            "d": "OCLCQ"
          },
          {
            "d": "OCLCO"
          },
          {
            "d": "TYC"
          },
          {
            "d": "OCLCQ"
          },
          {
            "d": "XFF"
          },
          {
            "d": "UX0"
          },
          {
            "d": "OCLCQ"
          },
          {
            "d": "OCL"
          },
          {
            "d": "CPO"
          },
          {
            "d": "OCL"
          },
          {
            "d": "OCLCQ"
          },
          {
            "d": "UKMGB"
          },
          {
            "d": "IL4J6"
          },
          {
            "d": "OCLCO"
          },
          {
            "d": "CZL"
          }
        ]
      }
    },
    {
      "016": {
        "ind1": "7",
        "ind2": "\\",
        "subfields": [
          {
            "a": "007224555"
          },
          {
            "2": "Uk"
          }
        ]
      }
    },
    {
      "019": {
        "ind1": "\\",
        "ind2": "\\",
        "subfields": [
          {
            "a": "1022762364"
          },
          {
            "a": "1120818804"
          },
          {
            "a": "1154295935"
          },
          {
            "a": "1167027277"
          },
          {
            "a": "1205183997"
          },
          {
            "a": "1205536150"
          }
        ]
      }
    },
    {
      "020": {
        "ind1": "\\",
        "ind2": "\\",
        "subfields": [
          {
            "a": "0807819115"
          },
          {
            "q": "(alk. paper)"
          }
        ]
      }
    },
    {
      "020": {
        "ind1": "\\",
        "ind2": "\\",
        "subfields": [
          {
            "a": "9780807819111"
          },
          {
            "q": "(alk. paper)"
          }
        ]
      }
    },
    {
      "035": {
        "ind1": "\\",
        "ind2": "\\",
        "subfields": [
          {
            "a": "(OCoLC)21119125"
          },
          {
            "z": "(OCoLC)1022762364"
          },
          {
            "z": "(OCoLC)1120818804"
          },
          {
            "z": "(OCoLC)1154295935"
          },
          {
            "z": "(OCoLC)1167027277"
          },
          {
            "z": "(OCoLC)1205183997"
          },
          {
            "z": "(OCoLC)1205536150"
          }
        ]
      }
    },
    {
      "043": {
        "ind1": "\\",
        "ind2": "\\",
        "subfields": [
          {
            "a": "n-us---"
          }
        ]
      }
    },
    {
      "050": {
        "ind1": "0",
        "ind2": "0",
        "subfields": [
          {
            "a": "HN57"
          },
          {
            "b": ".J246 1990"
          }
        ]
      }
    },
    {
      "082": {
        "ind1": "0",
        "ind2": "0",
        "subfields": [
          {
            "a": "306.09730904"
          },
          {
            "b": "JAC"
          }
        ]
      }
    },
    {
      "100": {
        "ind1": "1",
        "ind2": "\\",
        "subfields": [
          {
            "a": "Jackson, Walter A."
          }
        ]
      }
    },
    {
      "245": {
        "ind1": "1",
        "ind2": "0",
        "subfields": [
          {
            "a": "Gunnar Myrdal and America's conscience :"
          },
          {
            "b": "social engineering and racial liberalism, 1938-1987 /"
          },
          {
            "c": "Walter A. Jackson."
          }
        ]
      }
    },
    {
      "260": {
        "ind1": "\\",
        "ind2": "\\",
        "subfields": [
          {
            "a": "Chapel Hill :"
          },
          {
            "b": "University of North Carolina Press,"
          },
          {
            "c": "\u00a91990."
          }
        ]
      }
    },
    {
      "300": {
        "ind1": "\\",
        "ind2": "\\",
        "subfields": [
          {
            "a": "xxi, 447 pages :"
          },
          {
            "b": "portraits ;"
          },
          {
            "c": "25 cm."
          }
        ]
      }
    },
    {
      "336": {
        "ind1": "\\",
        "ind2": "\\",
        "subfields": [
          {
            "a": "text"
          },
          {
            "b": "txt"
          },
          {
            "2": "rdacontent"
          }
        ]
      }
    },
    {
      "337": {
        "ind1": "\\",
        "ind2": "\\",
        "subfields": [
          {
            "a": "unmediated"
          },
          {
            "b": "n"
          },
          {
            "2": "rdamedia"
          }
        ]
      }
    },
    {
      "338": {
        "ind1": "\\",
        "ind2": "\\",
        "subfields": [
          {
            "a": "volume"
          },
          {
            "b": "nc"
          },
          {
            "2": "rdacarrier"
          }
        ]
      }
    },
    {
      "490": {
        "ind1": "1",
        "ind2": "\\",
        "subfields": [
          {
            "a": "The Fred W. Morrison series in Southern studies"
          }
        ]
      }
    },
    {
      "504": {
        "ind1": "\\",
        "ind2": "\\",
        "subfields": [
          {
            "a": "Includes bibliographical references (pages 429-434) and index."
          }
        ]
      }
    },
    {
      "586": {
        "ind1": "\\",
        "ind2": "\\",
        "subfields": [
          {
            "a": "Anisfield-Wolf Book Award, 1991."
          }
        ]
      }
    },
    {
      "505": {
        "ind1": "0",
        "ind2": "0",
        "subfields": [
          {
            "t": "Introduction: The Race Issue in the 1930s --"
          },
          {
            "t": "Finding a Tocqueville --"
          },
          {
            "t": "Frederick Keppel and the Carnegie Corporation --"
          },
          {
            "t": "Newton Baker's Proposal --"
          },
          {
            "t": "Foundations and Black Americans --"
          },
          {
            "t": "\"Exceptional Men,\" Colonial Administrators, and Scandinavians --"
          },
          {
            "t": "Social Engineering and Prophylactic Reform --"
          },
          {
            "t": "The Making of an Intellectual Aristocrat --"
          },
          {
            "t": "Marriage to Alva and Apprenticeship to Cassel --"
          },
          {
            "t": "First Visit to America, 1929-1930 --"
          },
          {
            "t": "Social Democratic Reform --"
          },
          {
            "t": "Sweden's \"Population Crisis\" --"
          },
          {
            "t": "Encountering the \"Negro Problem\" --"
          },
          {
            "t": "Initial Impressions --"
          },
          {
            "t": "An Absence of Consensus --"
          },
          {
            "t": "A Royal Commission for the \"Negro Problem\" --"
          },
          {
            "t": "On the Road --"
          },
          {
            "t": "Myrdal and Bunche --"
          },
          {
            "t": "My War Work --"
          },
          {
            "t": "\"The World's Problem in Miniature\" --"
          },
          {
            "t": "Contact with America --"
          },
          {
            "t": "Conflicts of Conscience --"
          },
          {
            "t": "\"The Limits of Optimism\" --"
          },
          {
            "t": "Democratic Internationalism or American Imperialism? --"
          },
          {
            "t": "Myrdal and the July 20, 1944, Plot to Kill Hitler --"
          },
          {
            "t": "An American Dilemma: The Text --"
          },
          {
            "t": "The American Creed and Institutional Change --"
          },
          {
            "t": "Race, Population, and Migration --"
          },
          {
            "t": "Economics --"
          },
          {
            "t": "Politics, Justice, and Social Equality --"
          },
          {
            "t": "Negro Politics, Culture, and Community --"
          },
          {
            "t": "Racial Justice in a Global Context --"
          },
          {
            "t": "The Study to End All Studies --"
          },
          {
            "t": "The Race Issue in 1944 --"
          },
          {
            "t": "Acclaim in the National Press --"
          },
          {
            "t": "Afro-American and White Southern Reactions --"
          },
          {
            "t": "The Reception in Scholarly Journals --"
          },
          {
            "t": "The Divided Left --"
          },
          {
            "t": "The Emerging Orthodoxy and Neglected Alternatives --"
          },
          {
            "t": "The Rise and Fall of a Liberal Orthodoxy --"
          },
          {
            "t": "The Growing Legitimacy of Civil Rights --"
          },
          {
            "t": "Intercultural Education, Prejudice, and Damage."
          }
        ]
      }
    },
    {
      "600": {
        "ind1": "1",
        "ind2": "0",
        "subfields": [
          {
            "a": "Myrdal, Gunnar,"
          },
          {
            "d": "1898-1987."
          },
          {
            "t": "American dilemma."
          }
        ]
      }
    },
    {
      "651": {
        "ind1": "\\",
        "ind2": "0",
        "subfields": [
          {
            "a": "United States"
          },
          {
            "x": "Social conditions"
          },
          {
            "y": "1933-1945."
          }
        ]
      }
    },
    {
      "651": {
        "ind1": "\\",
        "ind2": "0",
        "subfields": [
          {
            "a": "United States"
          },
          {
            "x": "Social conditions"
          },
          {
            "y": "1945-"
          }
        ]
      }
    },
    {
      "650": {
        "ind1": "\\",
        "ind2": "0",
        "subfields": [
          {
            "a": "Race discrimination"
          },
          {
            "z": "United States"
          },
          {
            "x": "History"
          },
          {
            "y": "20th century."
          }
        ]
      }
    },
    {
      "651": {
        "ind1": "\\",
        "ind2": "7",
        "subfields": [
          {
            "a": "United States."
          },
          {
            "2": "fast"
          },
          {
            "0": "(OCoLC)fst01204155"
          }
        ]
      }
    },
    {
      "650": {
        "ind1": "\\",
        "ind2": "7",
        "subfields": [
          {
            "a": "Race discrimination."
          },
          {
            "2": "fast"
          },
          {
            "0": "(OCoLC)fst01086465"
          }
        ]
      }
    },
    {
      "650": {
        "ind1": "\\",
        "ind2": "7",
        "subfields": [
          {
            "a": "Social conditions."
          },
          {
            "2": "fast"
          },
          {
            "0": "(OCoLC)fst01919811"
          }
        ]
      }
    },
    {
      "648": {
        "ind1": "\\",
        "ind2": "7",
        "subfields": [
          {
            "a": "Since 1900"
          },
          {
            "2": "fast"
          }
        ]
      }
    },
    {
      "655": {
        "ind1": "\\",
        "ind2": "7",
        "subfields": [
          {
            "a": "History."
          },
          {
            "2": "fast"
          },
          {
            "0": "(OCoLC)fst01411628"
          }
        ]
      }
    },
    {
      "830": {
        "ind1": "\\",
        "ind2": "0",
        "subfields": [
          {
            "a": "Fred W. Morrison series in Southern studies."
          }
        ]
      }
    },
    {
      "856": {
        "ind1": "4",
        "ind2": "1",
        "subfields": [
          {
            "3": "Table of contents"
          },
          {
            "u": "http://www.gbv.de/dms/hbz/toc/ht003877928.PDF"
          }
        ]
      }
    },
    {
      "856": {
        "ind1": "4",
        "ind2": "1",
        "subfields": [
          {
            "3": "Table of contents"
          },
          {
            "u": "http://digitool.hbz-nrw.de:1801/webclient/DeliveryManager?pid=827056&custom_att_2=simple_viewer"
          }
        ]
      }
    },
    {
      "856": {
        "ind1": "4",
        "ind2": "\\",
        "subfields": [
          {
            "3": "Inhaltsverzeichnis"
          },
          {
            "u": "http://digitool.hbz-nrw.de:1801/webclient/DeliveryManager?pid=827056&custom%5Fatt%5F2=simple%5Fviewer"
          },
          {
            "y": "Gunnar Myrdal and America's conscience"
          }
        ]
      }
    },
    {
      "994": {
        "ind1": "\\",
        "ind2": "\\",
        "subfields": [
          {
            "a": "Z0"
          },
          {
            "b": "NYRVC"
          }
        ]
      }
    },
    {
      "948": {
        "ind1": "\\",
        "ind2": "\\",
        "subfields": [
          {
            "h": "NO HOLDINGS IN NYRVC - 627 OTHER HOLDINGS"
          }
        ]
      }
    },
    {
      "999": {
        "ind1": "\\",
        "ind2": "\\",
        "subfields": [
          {
            "a": "00000000014724"
          }
        ]
      }
    }
  ]
}